@misc{austin_ferguson_2024_11507982,
  author = {Ferguson, Austin J.},
  title  = {Supplemental material for Chapter 5},
  month  = jun,
  year   = 2024,
  doi    = {10.5281/zenodo.11507982},
  note  = {Zenodo and Github. \url{https://doi.org/10.5281/zenodo.11507982}}
}

@misc{supplemental_material,
  title     = {Supplemental material for Chapter 2},
  author    = {Lalejini, Alexander and Ferguson, Austin J.},
  year      = {2021},
  month     = mar,
  publisher = {Zenodo},
  doi       = {10.5281/zenodo.4642704},
  note  = {Zenodo and Github. \url{https://doi.org/10.5281/zenodo.4642704}}
}

@misc{fergusonFergusonAJReplayingEvolution2023,
  title  = {Supplemental material for Chapters 3 and 4},
  author = {Ferguson, Austin J.},
  year   = {2023},
  month  = may,
  doi    = {10.5281/zenodo.7953692},
  note  = {Zenodo and Github. \url{https://doi.org/10.5281/zenodo.7953692}}
}

@misc{osf_data,
  title = {Data for Chapter 2},
  author = {Lalejini, Alexander and Ferguson, Austin J.},
  year = {2021},
  month = mar,
  publisher = {OSF},
  doi = {10.17605/OSF.IO/SAV2C}, 
  note = {Available via the Open Science Foundation. \url{https://osf.io/sav2c/}}
}